% Encoding: UTF-8

@Article{metcalf16,
  author  = {David Metcalf, Sharlin T.J. Milliard, Melinda Gomez, Michael Schwartz},
  title   = {Wearables and the Internet of Things for Health.},
  journal = {IEEE Pulse},
  year    = {2016},
}
