@Article{sept1008,
  author       = {Jessica Folliett},
  title        = {The Importance of Big Data and Data Visualization},
  howpublished = {Web},
  month        = {01},
  year         = {2016},
  journal      = {Jessica Folliett},
  timestamp    = {01/06/2016},
  page         = {1},
  url          = {http://www.dataversity.net/the-importance-of-big-data-and-data-visualization/}
}
@Article{sept1001,
  author       = {Daniel Zeichner},
  title        = {The big data explosion sets us profound challenges - how can we keep up},
  howpublished = {Web},
  month        = {07},
  year         = {2016},
  journal      = {Daniel Zeichner},
  timestamp    = {07/02/2016},
  page         = {1},
  url          = {https://www.theguardian.com/science/political-science/2016/jul/02/the-big-data-explosion-sets-us-unprecedented-challenges-how-can-we-keep-up}
}
@Article{sept1002,
  author       = {Waterford Technologies},
  title        = {Big Data Statistics \& Facts for 2017},
  howpublished = {Web},
  month        = {07},
  year         = {2016},
  journal      = {Waterford Technologies},
  timestamp    = {07/02/2016},
  page         = {1},
  url          = {https://www.waterfordtechnologies.com/big-data-interesting-facts/}
}
@Article{sept1003,
  author       = {Wikipedia},
  title        = {Data visualization},
  howpublished = {Web},
  month        = {09},
  year         = {2017},
  journal      = {Wikipedia},
  timestamp    = {07/02/2016},
  page         = {1},
  url          = {https://en.wikipedia.org/wiki/Data_visualization}
}
@Article{sept1004,
  author       = {Wang, Lidong and Wang, Guanghui and Alexander, Cheryl Ann},
  title        = {Big Data and Visualization: Methods, Challenges and Technology Progress},
  journal={Digital Technologies},
  volume={1},
  number={1},
  pages={33--38},
  year={2015},
  url          = {http://pubs.sciepub.com/dt/1/1/7}
}
@Article{sept1005,
  author       = {Ken Smyers},
  title        = {Data Visualization: Overcome the Five Biggest Challenges of Big Data!},
  journal={Digital Technologies},
  pages={1},
  year={2013},
  url          = {http://controltrends.org/by-event/event-coverage/in-the-community/04/data-visualization-overcome-the-five-biggest-challenges-of-big-data/}
}
@Article{sept1006,
  author       = {Paul Rubens},
  title        = {Big Data Visualization},
  journal={QuinStreet, Inc},
  pages={1},
  year={2017},
  url          = {https://www.datamation.com/big-data/big-data-visualization.html}
}
@Article{sept1007,
  author       = {Microsoft Corporation},
  title        = {Business intelligence like never before},
  journal={Microsoft Corporation},
  pages={1},
  year={2017},
  url          = {https://powerbi.microsoft.com/en-us/}
}
